<?xml version = "1.0" encoding = "UTF-8"?><record>
  <leader>03340nam#a2200661#cb4500</leader>
  <controlfield tag="005">20210409091116.0</controlfield>
  <controlfield tag="007">tu</controlfield>
  <controlfield tag="008">140625|1925####xx############|||#|#ger#c</controlfield>
  <controlfield tag="003">DE-605</controlfield>
  <controlfield tag="001">990204346660206441</controlfield>
  <datafield tag="016" ind1="7" ind2=" ">
    <subfield code="a">1106803399</subfield>
    <subfield code="2">OCoLC</subfield>
  </datafield>
  <datafield tag="033" ind1=" " ind2=" ">
    <subfield code="a">1925-01-31</subfield>
  </datafield>
  <datafield tag="033" ind1=" " ind2=" ">
    <subfield code="a">1925-02-01</subfield>
  </datafield>
  <datafield tag="035" ind1=" " ind2=" ">
    <subfield code="a">(DE-605)HT018305016</subfield>
  </datafield>
  <datafield tag="040" ind1=" " ind2=" ">
    <subfield code="a">61</subfield>
    <subfield code="b">ger</subfield>
    <subfield code="d">61</subfield>
    <subfield code="e">rakwb</subfield>
  </datafield>
  <datafield tag="041" ind1=" " ind2=" ">
    <subfield code="a">ger</subfield>
  </datafield>
  <datafield tag="044" ind1=" " ind2=" ">
    <subfield code="c">XA-DXDE</subfield>
  </datafield>
  <datafield tag="130" ind1="0" ind2=" ">
    <subfield code="a">Saint Joan</subfield>
  </datafield>
  <datafield tag="245" ind1="1" ind2="0">
    <subfield code="a">&lt;&lt;Die&gt;&gt; heilige Johanna</subfield>
    <subfield code="b">Sonnabend, den 31. Januar ; Sonntag, den 1. Februar ; abends 7 Uhr ; Dramatische Chronik in 6 Scenen und einem Epilog</subfield>
    <subfield code="c">von Bernard Shaw. Deutsch von Siegfried Trebitsch. Regie: Gustav Lindemann, B&#252;hnenbilder: C. T. Pilartz und Eduard Sturm. Personen des St&#252;ckes: Hilde Schewior, Oskar Gro&#223;, Hellmuth Bergmann, Hermann Greid, August Weber, Walter Neumann, Erich Thormann, Friedrich Rosenthal, Kurt Daehn, Margarete Neubauer, Fritz Reiff, Peter Esser, Harry Flatow, Jakob Sinn, Adolf Je&#223;, Rudolf Bach, Paul Helwig, Richard Weimar, ... Beleuchtungsinspektion: Adolf Lichtenauer, B&#252;hneninspektion: Hans Preuschoff</subfield>
  </datafield>
  <datafield tag="264" ind1=" " ind2="1">
    <subfield code="a">D&#252;sseldorf</subfield>
    <subfield code="c">1925</subfield>
  </datafield>
  <datafield tag="300" ind1=" " ind2=" ">
    <subfield code="a">1 Plakat : 46 x 27 cm</subfield>
  </datafield>
  <datafield tag="490" ind1="1" ind2=" ">
    <subfield code="a">Schauspielhaus D&#252;sseldorf</subfield>
    <subfield code="v">1925,01,31</subfield>
  </datafield>
  <datafield tag="490" ind1="1" ind2=" ">
    <subfield code="a">Schauspielhaus D&#252;sseldorf</subfield>
    <subfield code="v">1925,02,01</subfield>
  </datafield>
  <datafield tag="546" ind1=" " ind2=" ">
    <subfield code="a">In Fraktur</subfield>
  </datafield>
  <datafield tag="700" ind1="1" ind2=" ">
    <subfield code="a">Shaw, Bernard</subfield>
    <subfield code="d">1856-1950</subfield>
    <subfield code="0">(DE-588)118642375</subfield>
    <subfield code="4">wst</subfield>
    <subfield code="0">(uri) https://portal.dnb.de/opac.htm?method=simpleSearch&amp;cqlMode=true&amp;query=idn=118642375</subfield>
    <subfield code="0">(uri) http://viaf.org/viaf/sourceID/DNB|118642375</subfield>
    <subfield code="B">GND-118642375</subfield>
  </datafield>
  <datafield tag="700" ind1="1" ind2=" ">
    <subfield code="a">Trebitsch, Siegfried</subfield>
    <subfield code="d">1869-1956</subfield>
    <subfield code="0">(DE-588)118840150</subfield>
    <subfield code="4">trl</subfield>
    <subfield code="0">(uri) https://portal.dnb.de/opac.htm?method=simpleSearch&amp;cqlMode=true&amp;query=idn=118840150</subfield>
    <subfield code="0">(uri) http://viaf.org/viaf/sourceID/DNB|118840150</subfield>
    <subfield code="B">GND-118840150</subfield>
  </datafield>
  <datafield tag="700" ind1="1" ind2=" ">
    <subfield code="a">Lindemann, Gustav</subfield>
    <subfield code="d">1872-1960</subfield>
    <subfield code="0">(DE-588)118728377</subfield>
    <subfield code="4">drt</subfield>
    <subfield code="0">(uri) https://portal.dnb.de/opac.htm?method=simpleSearch&amp;cqlMode=true&amp;query=idn=118728377</subfield>
    <subfield code="0">(uri) http://viaf.org/viaf/sourceID/DNB|118728377</subfield>
    <subfield code="B">GND-118728377</subfield>
  </datafield>
  <datafield tag="700" ind1="1" ind2=" ">
    <subfield code="a">Pilartz, Theodor Caspar</subfield>
    <subfield code="d">1887-1955</subfield>
    <subfield code="0">(DE-588)143088149</subfield>
    <subfield code="4">sgd</subfield>
    <subfield code="0">(uri) https://portal.dnb.de/opac.htm?method=simpleSearch&amp;cqlMode=true&amp;query=idn=143088149</subfield>
    <subfield code="0">(uri) http://viaf.org/viaf/sourceID/DNB|143088149</subfield>
    <subfield code="B">GND-143088149</subfield>
  </datafield>
  <datafield tag="700" ind1="1" ind2=" ">
    <subfield code="a">Sturm, Eduard</subfield>
    <subfield code="d">1888-1952</subfield>
    <subfield code="0">(DE-588)117363782</subfield>
    <subfield code="4">sgd</subfield>
    <subfield code="0">(uri) https://portal.dnb.de/opac.htm?method=simpleSearch&amp;cqlMode=true&amp;query=idn=117363782</subfield>
    <subfield code="0">(uri) http://viaf.org/viaf/sourceID/DNB|117363782</subfield>
    <subfield code="B">GND-117363782</subfield>
  </datafield>
  <datafield tag="700" ind1="1" ind2=" ">
    <subfield code="a">Schewior, Hilde</subfield>
    <subfield code="d">1896-1955</subfield>
    <subfield code="0">(DE-588)117225665</subfield>
    <subfield code="4">act</subfield>
    <subfield code="0">(uri) https://portal.dnb.de/opac.htm?method=simpleSearch&amp;cqlMode=true&amp;query=idn=117225665</subfield>
    <subfield code="0">(uri) http://viaf.org/viaf/sourceID/DNB|117225665</subfield>
    <subfield code="B">GND-117225665</subfield>
  </datafield>
  <datafield tag="700" ind1="1" ind2=" ">
    <subfield code="a">Gross, Oscar</subfield>
    <subfield code="0">(DE-588)116869224</subfield>
    <subfield code="4">act</subfield>
    <subfield code="0">(uri) https://portal.dnb.de/opac.htm?method=simpleSearch&amp;cqlMode=true&amp;query=idn=116869224</subfield>
    <subfield code="0">(uri) http://viaf.org/viaf/sourceID/DNB|116869224</subfield>
    <subfield code="B">GND-116869224</subfield>
  </datafield>
  <datafield tag="700" ind1="1" ind2=" ">
    <subfield code="a">Bergmann, Hellmuth</subfield>
    <subfield code="0">(DE-588)1053234562</subfield>
    <subfield code="4">act</subfield>
    <subfield code="0">(uri) https://portal.dnb.de/opac.htm?method=simpleSearch&amp;cqlMode=true&amp;query=idn=1053234562</subfield>
    <subfield code="0">(uri) http://viaf.org/viaf/sourceID/DNB|1053234562</subfield>
    <subfield code="B">GND-1053234562</subfield>
  </datafield>
  <datafield tag="700" ind1="1" ind2=" ">
    <subfield code="a">Greid, Hermann</subfield>
    <subfield code="d">1892-1975</subfield>
    <subfield code="0">(DE-588)116830263</subfield>
    <subfield code="4">act</subfield>
    <subfield code="0">(uri) https://portal.dnb.de/opac.htm?method=simpleSearch&amp;cqlMode=true&amp;query=idn=116830263</subfield>
    <subfield code="0">(uri) http://viaf.org/viaf/sourceID/DNB|116830263</subfield>
    <subfield code="B">GND-116830263</subfield>
  </datafield>
  <datafield tag="700" ind1="1" ind2=" ">
    <subfield code="a">Weber, August</subfield>
    <subfield code="d">1874-1941</subfield>
    <subfield code="0">(DE-588)1023919451</subfield>
    <subfield code="4">act</subfield>
    <subfield code="0">(uri) https://portal.dnb.de/opac.htm?method=simpleSearch&amp;cqlMode=true&amp;query=idn=1023919451</subfield>
    <subfield code="0">(uri) http://viaf.org/viaf/sourceID/DNB|1023919451</subfield>
    <subfield code="B">GND-1023919451</subfield>
  </datafield>
  <datafield tag="700" ind1="1" ind2=" ">
    <subfield code="a">Neumann, Walter</subfield>
    <subfield code="0">(DE-588)1050479661</subfield>
    <subfield code="4">act</subfield>
    <subfield code="0">(uri) https://portal.dnb.de/opac.htm?method=simpleSearch&amp;cqlMode=true&amp;query=idn=1050479661</subfield>
    <subfield code="0">(uri) http://viaf.org/viaf/sourceID/DNB|1050479661</subfield>
    <subfield code="B">GND-1050479661</subfield>
  </datafield>
  <datafield tag="700" ind1="1" ind2=" ">
    <subfield code="a">Thormann, Erich</subfield>
    <subfield code="d">1899-1989</subfield>
    <subfield code="0">(DE-588)105334208X</subfield>
    <subfield code="4">act</subfield>
    <subfield code="0">(uri) https://portal.dnb.de/opac.htm?method=simpleSearch&amp;cqlMode=true&amp;query=idn=105334208X</subfield>
    <subfield code="0">(uri) http://viaf.org/viaf/sourceID/DNB|105334208X</subfield>
    <subfield code="B">GND-105334208X</subfield>
  </datafield>
  <datafield tag="700" ind1="1" ind2=" ">
    <subfield code="a">Rosenthal, Friedrich</subfield>
    <subfield code="d">1885-1942</subfield>
    <subfield code="0">(DE-588)116625651</subfield>
    <subfield code="4">act</subfield>
    <subfield code="0">(uri) https://portal.dnb.de/opac.htm?method=simpleSearch&amp;cqlMode=true&amp;query=idn=116625651</subfield>
    <subfield code="0">(uri) http://viaf.org/viaf/sourceID/DNB|116625651</subfield>
    <subfield code="B">GND-116625651</subfield>
  </datafield>
  <datafield tag="700" ind1="1" ind2=" ">
    <subfield code="a">Daehn, Kurt</subfield>
    <subfield code="0">(DE-588)1053235399</subfield>
    <subfield code="4">act</subfield>
    <subfield code="0">(uri) https://portal.dnb.de/opac.htm?method=simpleSearch&amp;cqlMode=true&amp;query=idn=1053235399</subfield>
    <subfield code="0">(uri) http://viaf.org/viaf/sourceID/DNB|1053235399</subfield>
    <subfield code="B">GND-1053235399</subfield>
  </datafield>
  <datafield tag="700" ind1="1" ind2=" ">
    <subfield code="a">Neubauer, Margarete</subfield>
    <subfield code="0">(DE-588)105334340X</subfield>
    <subfield code="4">act</subfield>
    <subfield code="0">(uri) https://portal.dnb.de/opac.htm?method=simpleSearch&amp;cqlMode=true&amp;query=idn=105334340X</subfield>
    <subfield code="0">(uri) http://viaf.org/viaf/sourceID/DNB|105334340X</subfield>
    <subfield code="B">GND-105334340X</subfield>
  </datafield>
  <datafield tag="700" ind1="1" ind2=" ">
    <subfield code="a">Reiff, Fritz</subfield>
    <subfield code="d">1888-1953</subfield>
    <subfield code="0">(DE-588)116403772</subfield>
    <subfield code="4">act</subfield>
    <subfield code="0">(uri) https://portal.dnb.de/opac.htm?method=simpleSearch&amp;cqlMode=true&amp;query=idn=116403772</subfield>
    <subfield code="0">(uri) http://viaf.org/viaf/sourceID/DNB|116403772</subfield>
    <subfield code="B">GND-116403772</subfield>
  </datafield>
  <datafield tag="700" ind1="1" ind2=" ">
    <subfield code="a">Esser, Peter</subfield>
    <subfield code="d">1886-1970</subfield>
    <subfield code="0">(DE-588)116584149</subfield>
    <subfield code="4">act</subfield>
    <subfield code="0">(uri) https://portal.dnb.de/opac.htm?method=simpleSearch&amp;cqlMode=true&amp;query=idn=116584149</subfield>
    <subfield code="0">(uri) http://viaf.org/viaf/sourceID/DNB|116584149</subfield>
    <subfield code="B">GND-116584149</subfield>
  </datafield>
  <datafield tag="700" ind1="1" ind2=" ">
    <subfield code="a">Flatow, Harry</subfield>
    <subfield code="0">(DE-588)1053235313</subfield>
    <subfield code="4">act</subfield>
    <subfield code="0">(uri) https://portal.dnb.de/opac.htm?method=simpleSearch&amp;cqlMode=true&amp;query=idn=1053235313</subfield>
    <subfield code="0">(uri) http://viaf.org/viaf/sourceID/DNB|1053235313</subfield>
    <subfield code="B">GND-1053235313</subfield>
  </datafield>
  <datafield tag="700" ind1="1" ind2=" ">
    <subfield code="a">Sinn, Jacob</subfield>
    <subfield code="d">1895-1967</subfield>
    <subfield code="0">(DE-588)105334080X</subfield>
    <subfield code="4">act</subfield>
    <subfield code="0">(uri) https://portal.dnb.de/opac.htm?method=simpleSearch&amp;cqlMode=true&amp;query=idn=105334080X</subfield>
    <subfield code="0">(uri) http://viaf.org/viaf/sourceID/DNB|105334080X</subfield>
    <subfield code="B">GND-105334080X</subfield>
  </datafield>
  <datafield tag="700" ind1="1" ind2=" ">
    <subfield code="a">Jess, Adolf</subfield>
    <subfield code="0">(DE-588)1053340893</subfield>
    <subfield code="4">act</subfield>
    <subfield code="0">(uri) https://portal.dnb.de/opac.htm?method=simpleSearch&amp;cqlMode=true&amp;query=idn=1053340893</subfield>
    <subfield code="0">(uri) http://viaf.org/viaf/sourceID/DNB|1053340893</subfield>
    <subfield code="B">GND-1053340893</subfield>
  </datafield>
  <datafield tag="700" ind1="1" ind2=" ">
    <subfield code="a">Bach, Rudolf</subfield>
    <subfield code="d">1901-1957</subfield>
    <subfield code="0">(DE-588)116025271</subfield>
    <subfield code="4">act</subfield>
    <subfield code="0">(uri) https://portal.dnb.de/opac.htm?method=simpleSearch&amp;cqlMode=true&amp;query=idn=116025271</subfield>
    <subfield code="0">(uri) http://viaf.org/viaf/sourceID/DNB|116025271</subfield>
    <subfield code="B">GND-116025271</subfield>
  </datafield>
  <datafield tag="700" ind1="1" ind2=" ">
    <subfield code="a">Helwig, Paul</subfield>
    <subfield code="d">1893-1963</subfield>
    <subfield code="0">(DE-588)116693223</subfield>
    <subfield code="4">act</subfield>
    <subfield code="0">(uri) https://portal.dnb.de/opac.htm?method=simpleSearch&amp;cqlMode=true&amp;query=idn=116693223</subfield>
    <subfield code="0">(uri) http://viaf.org/viaf/sourceID/DNB|116693223</subfield>
    <subfield code="B">GND-116693223</subfield>
  </datafield>
  <datafield tag="700" ind1="1" ind2=" ">
    <subfield code="a">Weimar, Richard</subfield>
    <subfield code="0">(DE-588)1053350198</subfield>
    <subfield code="4">act</subfield>
    <subfield code="0">(uri) https://portal.dnb.de/opac.htm?method=simpleSearch&amp;cqlMode=true&amp;query=idn=1053350198</subfield>
    <subfield code="0">(uri) http://viaf.org/viaf/sourceID/DNB|1053350198</subfield>
    <subfield code="B">GND-1053350198</subfield>
  </datafield>
  <datafield tag="700" ind1="1" ind2=" ">
    <subfield code="a">Lichtenauer, Adolf</subfield>
    <subfield code="0">(DE-588)1053380348</subfield>
    <subfield code="4">sgd</subfield>
    <subfield code="0">(uri) https://portal.dnb.de/opac.htm?method=simpleSearch&amp;cqlMode=true&amp;query=idn=1053380348</subfield>
    <subfield code="0">(uri) http://viaf.org/viaf/sourceID/DNB|1053380348</subfield>
    <subfield code="B">GND-1053380348</subfield>
  </datafield>
  <datafield tag="700" ind1="1" ind2=" ">
    <subfield code="a">Preuschhoff, Hans</subfield>
    <subfield code="0">(DE-588)1053380259</subfield>
    <subfield code="4">sgd</subfield>
    <subfield code="0">(uri) https://portal.dnb.de/opac.htm?method=simpleSearch&amp;cqlMode=true&amp;query=idn=1053380259</subfield>
    <subfield code="0">(uri) http://viaf.org/viaf/sourceID/DNB|1053380259</subfield>
    <subfield code="B">GND-1053380259</subfield>
  </datafield>
  <datafield tag="710" ind1="2" ind2=" ">
    <subfield code="a">Schauspielhaus D&#252;sseldorf</subfield>
    <subfield code="0">(DE-588)2009323-8</subfield>
    <subfield code="4">oth</subfield>
    <subfield code="0">(uri) https://portal.dnb.de/opac.htm?method=simpleSearch&amp;cqlMode=true&amp;query=idn=004689828</subfield>
    <subfield code="0">(uri) http://viaf.org/viaf/sourceID/DNB|004689828</subfield>
    <subfield code="B">GND-004689828</subfield>
  </datafield>
  <datafield tag="830" ind1=" " ind2="0">
    <subfield code="a">Schauspielhaus D&#252;sseldorf</subfield>
    <subfield code="w">(DE-605)HT016533311</subfield>
    <subfield code="v">1925,01,31</subfield>
    <subfield code="9">O:1</subfield>
    <subfield code="0">(uri) https://portal.dnb.de/opac.htm?method=simpleSearch&amp;cqlMode=true&amp;query=idn=004689828</subfield>
    <subfield code="0">(uri) http://viaf.org/viaf/sourceID/DNB|004689828</subfield>
  </datafield>
  <datafield tag="830" ind1=" " ind2="0">
    <subfield code="a">Schauspielhaus D&#252;sseldorf</subfield>
    <subfield code="w">(DE-605)HT016533311</subfield>
    <subfield code="v">1925,02,01</subfield>
    <subfield code="9">O:2</subfield>
    <subfield code="0">(uri) https://portal.dnb.de/opac.htm?method=simpleSearch&amp;cqlMode=true&amp;query=idn=004689828</subfield>
    <subfield code="0">(uri) http://viaf.org/viaf/sourceID/DNB|004689828</subfield>
  </datafield>
  <datafield tag="960" ind1="1" ind2=" ">
    <subfield code="b">Theaterzettel</subfield>
  </datafield>
  <datafield tag="964" ind1="0" ind2="s">
    <subfield code="F">030</subfield>
    <subfield code="A">a|1uc||||||37</subfield>
  </datafield>
  <datafield tag="964" ind1="0" ind2="s">
    <subfield code="F">050</subfield>
    <subfield code="A">a|||||||||||||</subfield>
  </datafield>
  <datafield tag="964" ind1="0" ind2="s">
    <subfield code="F">051</subfield>
    <subfield code="A">s|||||||</subfield>
  </datafield>
  <datafield tag="035" ind1=" " ind2=" ">
    <subfield code="a">(OCoLC)1106803399</subfield>
    <subfield code="0">(uri) http://www.worldcat.org/oclc/1106803399</subfield>
  </datafield>
  <datafield tag="035" ind1=" " ind2=" ">
    <subfield code="a">(DE-599)HBZHT018305016</subfield>
  </datafield>
  <datafield tag="MBD" ind1=" " ind2=" ">
    <subfield code="M">49HBZ_NETWORK</subfield>
    <subfield code="i">990204346660206441</subfield>
    <subfield code="n">HBZ Network</subfield>
  </datafield>
  <datafield tag="MBD" ind1=" " ind2=" ">
    <subfield code="M">49HBZ_DUE</subfield>
    <subfield code="i">990033028850206443</subfield>
    <subfield code="n">ULB D&#252;sseldorf</subfield>
  </datafield>
  <datafield tag="830" ind1=" " ind2="0">
    <subfield code="a">Schauspielhaus D&#252;sseldorf</subfield>
    <subfield code="w">(DE-605)HT016533311</subfield>
    <subfield code="v">1925,01,31</subfield>
    <subfield code="9">O:1</subfield>
    <subfield code="M">49HBZ_DUE</subfield>
  </datafield>
  <datafield tag="830" ind1=" " ind2="0">
    <subfield code="a">Schauspielhaus D&#252;sseldorf</subfield>
    <subfield code="w">(DE-605)HT016533311</subfield>
    <subfield code="v">1925,02,01</subfield>
    <subfield code="9">O:2</subfield>
    <subfield code="M">49HBZ_DUE</subfield>
  </datafield>
  <datafield tag="993" ind1=" " ind2=" ">
    <subfield code="a">Theaterzettel</subfield>
    <subfield code="9">LOCAL</subfield>
    <subfield code="M">49HBZ_DUE</subfield>
  </datafield>
  <datafield tag="993" ind1=" " ind2=" ">
    <subfield code="a">D&#252;sseldorf</subfield>
    <subfield code="9">LOCAL</subfield>
    <subfield code="M">49HBZ_DUE</subfield>
  </datafield>
  <datafield tag="996" ind1=" " ind2=" ">
    <subfield code="s">Samstag</subfield>
    <subfield code="0">(DE-588)4275830-0</subfield>
    <subfield code="9">LOCAL</subfield>
    <subfield code="M">49HBZ_DUE</subfield>
  </datafield>
  <datafield tag="996" ind1=" " ind2=" ">
    <subfield code="s">Sonntag</subfield>
    <subfield code="0">(DE-588)4055595-1</subfield>
    <subfield code="9">LOCAL</subfield>
    <subfield code="M">49HBZ_DUE</subfield>
  </datafield>
  <datafield tag="996" ind1=" " ind2=" ">
    <subfield code="s">Subkultur</subfield>
    <subfield code="0">(DE-588)4058326-0</subfield>
    <subfield code="9">LOCAL</subfield>
    <subfield code="M">49HBZ_DUE</subfield>
  </datafield>
  <datafield tag="996" ind1=" " ind2=" ">
    <subfield code="a">Abend</subfield>
    <subfield code="9">LOCAL</subfield>
    <subfield code="M">49HBZ_DUE</subfield>
  </datafield>
  <datafield tag="996" ind1=" " ind2=" ">
    <subfield code="a">Heil</subfield>
    <subfield code="9">LOCAL</subfield>
    <subfield code="M">49HBZ_DUE</subfield>
  </datafield>
  <datafield tag="996" ind1=" " ind2=" ">
    <subfield code="a">Heiligung</subfield>
    <subfield code="9">LOCAL</subfield>
    <subfield code="M">49HBZ_DUE</subfield>
  </datafield>
  <datafield tag="996" ind1=" " ind2=" ">
    <subfield code="a">Scene</subfield>
    <subfield code="9">LOCAL</subfield>
    <subfield code="M">49HBZ_DUE</subfield>
  </datafield>
  <datafield tag="996" ind1=" " ind2=" ">
    <subfield code="a">dramatisch</subfield>
    <subfield code="9">LOCAL</subfield>
    <subfield code="M">49HBZ_DUE</subfield>
  </datafield>
  <datafield tag="996" ind1=" " ind2=" ">
    <subfield code="a">heilig</subfield>
    <subfield code="9">LOCAL</subfield>
    <subfield code="M">49HBZ_DUE</subfield>
  </datafield>
  <datafield tag="996" ind1=" " ind2=" ">
    <subfield code="s">Theaterzettel</subfield>
    <subfield code="0">(DE-588)4185060-9</subfield>
    <subfield code="9">LOCAL</subfield>
    <subfield code="M">49HBZ_DUE</subfield>
  </datafield>
  <datafield tag="996" ind1=" " ind2=" ">
    <subfield code="a">Theater</subfield>
    <subfield code="9">LOCAL</subfield>
    <subfield code="M">49HBZ_DUE</subfield>
  </datafield>
  <datafield tag="996" ind1=" " ind2=" ">
    <subfield code="a">Zettel</subfield>
    <subfield code="9">LOCAL</subfield>
    <subfield code="M">49HBZ_DUE</subfield>
  </datafield>
  <datafield tag="MNG" ind1=" " ind2=" ">
    <subfield code="c">System</subfield>
    <subfield code="f">ILS</subfield>
    <subfield code="i">marc21</subfield>
    <subfield code="k">01</subfield>
    <subfield code="e">false</subfield>
    <subfield code="d">2021-04-30 04:28:44 Europe/Berlin</subfield>
    <subfield code="g">020434666-HBZ01</subfield>
    <subfield code="j">60</subfield>
    <subfield code="a">import</subfield>
    <subfield code="b">2021-04-06 00:40:27 Europe/Berlin</subfield>
  </datafield>
  <datafield tag="H52" ind1="8" ind2=" ">
    <subfield code="b">X0001</subfield>
    <subfield code="c">00S</subfield>
    <subfield code="h">KW760(2):1924/25</subfield>
    <subfield code="8">22300960270006443</subfield>
  </datafield>
  <datafield tag="HOL" ind1=" " ind2=" ">
    <subfield code="b">2021-04-01 12:15:45</subfield>
    <subfield code="8">22300960270006443</subfield>
    <subfield code="M">49HBZ_DUE</subfield>
    <subfield code="g">false</subfield>
    <subfield code="a">import</subfield>
  </datafield>
  <datafield tag="ITM" ind1=" " ind2=" ">
    <subfield code="H">22300960270006443</subfield>
    <subfield code="x">00S</subfield>
    <subfield code="f">PICTURE</subfield>
    <subfield code="v">00S</subfield>
    <subfield code="p">34</subfield>
    <subfield code="X">System</subfield>
    <subfield code="U">2014-06-25 10:59:00</subfield>
    <subfield code="Y">2021-04-01 12:16:40</subfield>
    <subfield code="h">false</subfield>
    <subfield code="n">liegend</subfield>
    <subfield code="M">49HBZ_DUE</subfield>
    <subfield code="s">1</subfield>
    <subfield code="d">8</subfield>
    <subfield code="V">import</subfield>
    <subfield code="a">23300960260006443</subfield>
    <subfield code="t">8</subfield>
    <subfield code="c">KW760(2):1924/25</subfield>
    <subfield code="W">2021-04-01 12:15:45</subfield>
    <subfield code="u">X0001</subfield>
    <subfield code="w">X0001</subfield>
  </datafield>
  <datafield tag="GPN" ind1="1" ind2=" ">
    <subfield code="a">Pilartz, Caspar</subfield>
    <subfield code="d">1887-1955</subfield>
    <subfield code="9">v:Thieme-Becker</subfield>
    <subfield code="A">GND</subfield>
    <subfield code="B">GND-143088149</subfield>
    <subfield code="C">400</subfield>
  </datafield>
  <datafield tag="GPN" ind1="1" ind2=" ">
    <subfield code="a">Pilartz, Th. C.</subfield>
    <subfield code="d">1887-1955</subfield>
    <subfield code="A">GND</subfield>
    <subfield code="B">GND-143088149</subfield>
    <subfield code="C">400</subfield>
  </datafield>
  <datafield tag="GPN" ind1="1" ind2=" ">
    <subfield code="a">Pilartz, Kaspar</subfield>
    <subfield code="d">1887-1955</subfield>
    <subfield code="9">v:DbA (WBIS)</subfield>
    <subfield code="A">GND</subfield>
    <subfield code="B">GND-143088149</subfield>
    <subfield code="C">400</subfield>
  </datafield>
  <datafield tag="GPN" ind1="1" ind2=" ">
    <subfield code="a">Pilartz, Theodor Kaspar</subfield>
    <subfield code="d">1887-1955</subfield>
    <subfield code="9">v:DbA (WBIS)</subfield>
    <subfield code="A">GND</subfield>
    <subfield code="B">GND-143088149</subfield>
    <subfield code="C">400</subfield>
  </datafield>
  <datafield tag="GPN" ind1="1" ind2=" ">
    <subfield code="a">Pilartz, Theodor C.</subfield>
    <subfield code="d">1887-1955</subfield>
    <subfield code="A">GND</subfield>
    <subfield code="B">GND-143088149</subfield>
    <subfield code="C">400</subfield>
  </datafield>
  <datafield tag="GPN" ind1="1" ind2=" ">
    <subfield code="a">Pilartz, Teodor Caspar</subfield>
    <subfield code="d">1887-1955</subfield>
    <subfield code="A">GND</subfield>
    <subfield code="B">GND-143088149</subfield>
    <subfield code="C">400</subfield>
  </datafield>
  <datafield tag="GSI" ind1="7" ind2=" ">
    <subfield code="a">143088149</subfield>
    <subfield code="0">http://d-nb.info/gnd/143088149</subfield>
    <subfield code="2">gnd</subfield>
    <subfield code="A">GND</subfield>
    <subfield code="B">GND-143088149</subfield>
    <subfield code="C">024</subfield>
  </datafield>
  <datafield tag="GSI" ind1="7" ind2=" ">
    <subfield code="a">http://d-nb.info/gnd/118728377</subfield>
    <subfield code="2">uri</subfield>
    <subfield code="A">GND</subfield>
    <subfield code="B">GND-118728377</subfield>
    <subfield code="C">024</subfield>
  </datafield>
  <datafield tag="GSI" ind1="7" ind2=" ">
    <subfield code="a">118840150</subfield>
    <subfield code="0">http://d-nb.info/gnd/118840150</subfield>
    <subfield code="2">gnd</subfield>
    <subfield code="A">GND</subfield>
    <subfield code="B">GND-118840150</subfield>
    <subfield code="C">024</subfield>
  </datafield>
  <datafield tag="GSI" ind1="7" ind2=" ">
    <subfield code="a">1053380348</subfield>
    <subfield code="0">http://d-nb.info/gnd/1053380348</subfield>
    <subfield code="2">gnd</subfield>
    <subfield code="A">GND</subfield>
    <subfield code="B">GND-1053380348</subfield>
    <subfield code="C">024</subfield>
  </datafield>
  <datafield tag="GSI" ind1="7" ind2=" ">
    <subfield code="a">1053350198</subfield>
    <subfield code="0">http://d-nb.info/gnd/1053350198</subfield>
    <subfield code="2">gnd</subfield>
    <subfield code="A">GND</subfield>
    <subfield code="B">GND-1053350198</subfield>
    <subfield code="C">024</subfield>
  </datafield>
  <datafield tag="GPN" ind1="1" ind2=" ">
    <subfield code="a">Helwig, Paul Julius Adolf</subfield>
    <subfield code="d">1893-1963</subfield>
    <subfield code="4">nawi</subfield>
    <subfield code="4">http://d-nb.info/standards/elementset/gnd#realIdentity</subfield>
    <subfield code="w">r</subfield>
    <subfield code="i">Wirklicher Name</subfield>
    <subfield code="e">Wirklicher Name</subfield>
    <subfield code="A">GND</subfield>
    <subfield code="B">GND-116693223</subfield>
    <subfield code="C">400</subfield>
  </datafield>
  <datafield tag="GSI" ind1="7" ind2=" ">
    <subfield code="a">http://d-nb.info/gnd/116693223</subfield>
    <subfield code="2">uri</subfield>
    <subfield code="A">GND</subfield>
    <subfield code="B">GND-116693223</subfield>
    <subfield code="C">024</subfield>
  </datafield>
  <datafield tag="GSI" ind1="7" ind2=" ">
    <subfield code="a">116025271</subfield>
    <subfield code="0">http://d-nb.info/gnd/116025271</subfield>
    <subfield code="2">gnd</subfield>
    <subfield code="A">GND</subfield>
    <subfield code="B">GND-116025271</subfield>
    <subfield code="C">024</subfield>
  </datafield>
  <datafield tag="GSI" ind1="7" ind2=" ">
    <subfield code="a">Q94818818</subfield>
    <subfield code="2">wikidata</subfield>
    <subfield code="A">GND</subfield>
    <subfield code="B">GND-116025271</subfield>
    <subfield code="C">024</subfield>
  </datafield>
  <datafield tag="GPN" ind1="1" ind2=" ">
    <subfield code="a">Je&#223;, Adolf</subfield>
    <subfield code="A">GND</subfield>
    <subfield code="B">GND-1053340893</subfield>
    <subfield code="C">400</subfield>
  </datafield>
  <datafield tag="GSI" ind1="7" ind2=" ">
    <subfield code="a">1053340893</subfield>
    <subfield code="0">http://d-nb.info/gnd/1053340893</subfield>
    <subfield code="2">gnd</subfield>
    <subfield code="A">GND</subfield>
    <subfield code="B">GND-1053340893</subfield>
    <subfield code="C">024</subfield>
  </datafield>
  <datafield tag="GPN" ind1="1" ind2=" ">
    <subfield code="a">Sinn, Jakob</subfield>
    <subfield code="d">1895-1967</subfield>
    <subfield code="A">GND</subfield>
    <subfield code="B">GND-105334080X</subfield>
    <subfield code="C">400</subfield>
  </datafield>
  <datafield tag="GSI" ind1="7" ind2=" ">
    <subfield code="a">105334080X</subfield>
    <subfield code="0">http://d-nb.info/gnd/105334080X</subfield>
    <subfield code="2">gnd</subfield>
    <subfield code="A">GND</subfield>
    <subfield code="B">GND-105334080X</subfield>
    <subfield code="C">024</subfield>
  </datafield>
  <datafield tag="GSI" ind1="7" ind2=" ">
    <subfield code="a">1053235313</subfield>
    <subfield code="0">http://d-nb.info/gnd/1053235313</subfield>
    <subfield code="2">gnd</subfield>
    <subfield code="A">GND</subfield>
    <subfield code="B">GND-1053235313</subfield>
    <subfield code="C">024</subfield>
  </datafield>
  <datafield tag="GSI" ind1="7" ind2=" ">
    <subfield code="a">http://d-nb.info/gnd/116584149</subfield>
    <subfield code="2">uri</subfield>
    <subfield code="A">GND</subfield>
    <subfield code="B">GND-116584149</subfield>
    <subfield code="C">024</subfield>
  </datafield>
  <datafield tag="GSI" ind1="7" ind2=" ">
    <subfield code="a">http://d-nb.info/gnd/116403772</subfield>
    <subfield code="2">uri</subfield>
    <subfield code="A">GND</subfield>
    <subfield code="B">GND-116403772</subfield>
    <subfield code="C">024</subfield>
  </datafield>
  <datafield tag="GSI" ind1="7" ind2=" ">
    <subfield code="a">105334340X</subfield>
    <subfield code="0">http://d-nb.info/gnd/105334340X</subfield>
    <subfield code="2">gnd</subfield>
    <subfield code="A">GND</subfield>
    <subfield code="B">GND-105334340X</subfield>
    <subfield code="C">024</subfield>
  </datafield>
  <datafield tag="GSI" ind1="7" ind2=" ">
    <subfield code="a">1053235399</subfield>
    <subfield code="0">http://d-nb.info/gnd/1053235399</subfield>
    <subfield code="2">gnd</subfield>
    <subfield code="A">GND</subfield>
    <subfield code="B">GND-1053235399</subfield>
    <subfield code="C">024</subfield>
  </datafield>
  <datafield tag="GPN" ind1="1" ind2=" ">
    <subfield code="a">Rosenthal, Jacques</subfield>
    <subfield code="d">1885-1942</subfield>
    <subfield code="4">nawi</subfield>
    <subfield code="4">http://d-nb.info/standards/elementset/gnd#realIdentity</subfield>
    <subfield code="w">r</subfield>
    <subfield code="i">Wirklicher Name</subfield>
    <subfield code="e">Wirklicher Name</subfield>
    <subfield code="A">GND</subfield>
    <subfield code="B">GND-116625651</subfield>
    <subfield code="C">400</subfield>
  </datafield>
  <datafield tag="GSI" ind1="7" ind2=" ">
    <subfield code="a">http://d-nb.info/gnd/116625651</subfield>
    <subfield code="2">uri</subfield>
    <subfield code="A">GND</subfield>
    <subfield code="B">GND-116625651</subfield>
    <subfield code="C">024</subfield>
  </datafield>
  <datafield tag="GPN" ind1="1" ind2=" ">
    <subfield code="a">Shaw, George Bernard</subfield>
    <subfield code="d">1856-1950</subfield>
    <subfield code="9">v:M; B 1996; NUC pre 56</subfield>
    <subfield code="A">GND</subfield>
    <subfield code="B">GND-118642375</subfield>
    <subfield code="C">400</subfield>
  </datafield>
  <datafield tag="GPN" ind1="1" ind2=" ">
    <subfield code="a">Shaw, Bernd</subfield>
    <subfield code="d">1856-1950</subfield>
    <subfield code="9">v:Falsche Namensform</subfield>
    <subfield code="A">GND</subfield>
    <subfield code="B">GND-118642375</subfield>
    <subfield code="C">400</subfield>
  </datafield>
  <datafield tag="GPN" ind1="1" ind2=" ">
    <subfield code="a">Shaw, George B.</subfield>
    <subfield code="d">1856-1950</subfield>
    <subfield code="A">GND</subfield>
    <subfield code="B">GND-118642375</subfield>
    <subfield code="C">400</subfield>
  </datafield>
  <datafield tag="GPN" ind1="1" ind2=" ">
    <subfield code="a">Shaw, G. Bernard</subfield>
    <subfield code="d">1856-1950</subfield>
    <subfield code="A">GND</subfield>
    <subfield code="B">GND-118642375</subfield>
    <subfield code="C">400</subfield>
  </datafield>
  <datafield tag="GPN" ind1="1" ind2=" ">
    <subfield code="a">Shaw, G. B.</subfield>
    <subfield code="d">1856-1950</subfield>
    <subfield code="A">GND</subfield>
    <subfield code="B">GND-118642375</subfield>
    <subfield code="C">400</subfield>
  </datafield>
  <datafield tag="GPN" ind1="0" ind2=" ">
    <subfield code="a">Corno di Bassetto</subfield>
    <subfield code="d">1856-1950</subfield>
    <subfield code="4">pseu</subfield>
    <subfield code="4">https://d-nb.info/standards/elementset/gnd#pseudonym</subfield>
    <subfield code="w">r</subfield>
    <subfield code="i">Pseudonym</subfield>
    <subfield code="e">Pseudonym</subfield>
    <subfield code="A">GND</subfield>
    <subfield code="B">GND-118642375</subfield>
    <subfield code="C">400</subfield>
  </datafield>
  <datafield tag="GPN" ind1="1" ind2=" ">
    <subfield code="a">Bassetto, Corno &lt;&lt;di&gt;&gt;</subfield>
    <subfield code="d">1856-1950</subfield>
    <subfield code="4">pseu</subfield>
    <subfield code="4">https://d-nb.info/standards/elementset/gnd#pseudonym</subfield>
    <subfield code="w">r</subfield>
    <subfield code="i">Pseudonym</subfield>
    <subfield code="e">Pseudonym</subfield>
    <subfield code="A">GND</subfield>
    <subfield code="B">GND-118642375</subfield>
    <subfield code="C">400</subfield>
  </datafield>
  <datafield tag="GPN" ind1="1" ind2=" ">
    <subfield code="a">DiBassetto, Corno</subfield>
    <subfield code="d">1856-1950</subfield>
    <subfield code="A">GND</subfield>
    <subfield code="B">GND-118642375</subfield>
    <subfield code="C">400</subfield>
  </datafield>
  <datafield tag="GPN" ind1="1" ind2=" ">
    <subfield code="a">&#352;ou, D&#382;ord&#382;Bernard</subfield>
    <subfield code="d">1856-1950</subfield>
    <subfield code="A">GND</subfield>
    <subfield code="B">GND-118642375</subfield>
    <subfield code="C">400</subfield>
  </datafield>
  <datafield tag="GPN" ind1="1" ind2=" ">
    <subfield code="a">Sou, Mpernarnt</subfield>
    <subfield code="d">1856-1950</subfield>
    <subfield code="A">GND</subfield>
    <subfield code="B">GND-118642375</subfield>
    <subfield code="C">400</subfield>
  </datafield>
  <datafield tag="GPN" ind1="1" ind2=" ">
    <subfield code="a">Sh&#333;, B&#257;n&#257;do</subfield>
    <subfield code="d">1856-1950</subfield>
    <subfield code="A">GND</subfield>
    <subfield code="B">GND-118642375</subfield>
    <subfield code="C">400</subfield>
  </datafield>
  <datafield tag="GPN" ind1="1" ind2=" ">
    <subfield code="a">&#352;au, &#486;&#363;r&#487; Barn&#257;rd</subfield>
    <subfield code="d">1856-1950</subfield>
    <subfield code="A">GND</subfield>
    <subfield code="B">GND-118642375</subfield>
    <subfield code="C">400</subfield>
  </datafield>
  <datafield tag="GPN" ind1="0" ind2=" ">
    <subfield code="a">Xiaobona</subfield>
    <subfield code="d">1856-1950</subfield>
    <subfield code="9">v:Chines.</subfield>
    <subfield code="A">GND</subfield>
    <subfield code="B">GND-118642375</subfield>
    <subfield code="C">400</subfield>
  </datafield>
  <datafield tag="GPN" ind1="1" ind2=" ">
    <subfield code="a">&#352;aw, Ge&#702;orge Bernard</subfield>
    <subfield code="d">1856-1950</subfield>
    <subfield code="9">v:Uigur.</subfield>
    <subfield code="A">GND</subfield>
    <subfield code="B">GND-118642375</subfield>
    <subfield code="C">400</subfield>
  </datafield>
  <datafield tag="GPN" ind1="1" ind2=" ">
    <subfield code="a">Shaw, Bernhard</subfield>
    <subfield code="d">1856-1950</subfield>
    <subfield code="A">GND</subfield>
    <subfield code="B">GND-118642375</subfield>
    <subfield code="C">400</subfield>
  </datafield>
  <datafield tag="GPN" ind1="1" ind2=" ">
    <subfield code="a">&#352;ou, Bernard</subfield>
    <subfield code="d">1856-1950</subfield>
    <subfield code="A">GND</subfield>
    <subfield code="B">GND-118642375</subfield>
    <subfield code="C">400</subfield>
  </datafield>
  <datafield tag="GPN" ind1="1" ind2=" ">
    <subfield code="a">Di Bassetto, Corno</subfield>
    <subfield code="d">1856-1950</subfield>
    <subfield code="A">GND</subfield>
    <subfield code="B">GND-118642375</subfield>
    <subfield code="C">400</subfield>
  </datafield>
  <datafield tag="GPN" ind1="0" ind2=" ">
    <subfield code="9">U:Hans</subfield>
    <subfield code="a">&#33831;&#20271;&#32435;</subfield>
    <subfield code="d">1856-1950</subfield>
    <subfield code="A">GND</subfield>
    <subfield code="B">GND-118642375</subfield>
    <subfield code="C">400</subfield>
  </datafield>
  <datafield tag="GSI" ind1="7" ind2=" ">
    <subfield code="a">118642375</subfield>
    <subfield code="0">http://d-nb.info/gnd/118642375</subfield>
    <subfield code="2">gnd</subfield>
    <subfield code="A">GND</subfield>
    <subfield code="B">GND-118642375</subfield>
    <subfield code="C">024</subfield>
  </datafield>
  <datafield tag="GKT" ind1="2" ind2=" ">
    <subfield code="a">Du&#776;sseldorfer Schauspielhaus</subfield>
    <subfield code="g">Schauspielhaus Du&#776;sseldorf</subfield>
    <subfield code="A">GND</subfield>
    <subfield code="B">GND-004689828</subfield>
    <subfield code="C">410</subfield>
  </datafield>
  <datafield tag="GKT" ind1="2" ind2=" ">
    <subfield code="a">Schauspielhaus</subfield>
    <subfield code="g">Du&#776;sseldorf, Schauspielhaus Du&#776;sseldorf</subfield>
    <subfield code="A">GND</subfield>
    <subfield code="B">GND-004689828</subfield>
    <subfield code="C">410</subfield>
  </datafield>
  <datafield tag="GKT" ind1="2" ind2=" ">
    <subfield code="a">Deutsches Theater am Rhein</subfield>
    <subfield code="4">nazw</subfield>
    <subfield code="4">http://d-nb.info/standards/elementset/gnd#temporaryNameOfTheCorporateBody</subfield>
    <subfield code="w">r</subfield>
    <subfield code="i">Zeitweiser Name</subfield>
    <subfield code="e">Zeitweiser Name</subfield>
    <subfield code="9">v:1932</subfield>
    <subfield code="A">GND</subfield>
    <subfield code="B">GND-004689828</subfield>
    <subfield code="C">410</subfield>
  </datafield>
  <datafield tag="GSI" ind1="7" ind2=" ">
    <subfield code="a">http://d-nb.info/gnd/2009323-8</subfield>
    <subfield code="2">uri</subfield>
    <subfield code="A">GND</subfield>
    <subfield code="B">GND-004689828</subfield>
    <subfield code="C">024</subfield>
  </datafield>
  <datafield tag="GSI" ind1="7" ind2=" ">
    <subfield code="a">1053380259</subfield>
    <subfield code="0">http://d-nb.info/gnd/1053380259</subfield>
    <subfield code="2">gnd</subfield>
    <subfield code="A">GND</subfield>
    <subfield code="B">GND-1053380259</subfield>
    <subfield code="C">024</subfield>
  </datafield>
  <datafield tag="GSI" ind1="7" ind2=" ">
    <subfield code="a">105334208X</subfield>
    <subfield code="0">http://d-nb.info/gnd/105334208X</subfield>
    <subfield code="2">gnd</subfield>
    <subfield code="A">GND</subfield>
    <subfield code="B">GND-105334208X</subfield>
    <subfield code="C">024</subfield>
  </datafield>
  <datafield tag="GSI" ind1="7" ind2=" ">
    <subfield code="a">http://d-nb.info/gnd/1050479661</subfield>
    <subfield code="2">uri</subfield>
    <subfield code="A">GND</subfield>
    <subfield code="B">GND-1050479661</subfield>
    <subfield code="C">024</subfield>
  </datafield>
  <datafield tag="GPN" ind1="1" ind2=" ">
    <subfield code="a">Weber, Aug.</subfield>
    <subfield code="d">1874-1941</subfield>
    <subfield code="A">GND</subfield>
    <subfield code="B">GND-1023919451</subfield>
    <subfield code="C">400</subfield>
  </datafield>
  <datafield tag="GSI" ind1="7" ind2=" ">
    <subfield code="a">http://d-nb.info/gnd/1023919451</subfield>
    <subfield code="2">uri</subfield>
    <subfield code="A">GND</subfield>
    <subfield code="B">GND-1023919451</subfield>
    <subfield code="C">024</subfield>
  </datafield>
  <datafield tag="GPN" ind1="0" ind2=" ">
    <subfield code="a">Dirk, Hans</subfield>
    <subfield code="d">1892-1975</subfield>
    <subfield code="4">pseu</subfield>
    <subfield code="4">http://d-nb.info/standards/elementset/gnd#pseudonym</subfield>
    <subfield code="w">r</subfield>
    <subfield code="i">Pseudonym</subfield>
    <subfield code="e">Pseudonym</subfield>
    <subfield code="A">GND</subfield>
    <subfield code="B">GND-116830263</subfield>
    <subfield code="C">400</subfield>
  </datafield>
  <datafield tag="GPN" ind1="0" ind2=" ">
    <subfield code="a">Wiener</subfield>
    <subfield code="d">1892-1975</subfield>
    <subfield code="4">pseu</subfield>
    <subfield code="4">http://d-nb.info/standards/elementset/gnd#pseudonym</subfield>
    <subfield code="w">r</subfield>
    <subfield code="i">Pseudonym</subfield>
    <subfield code="e">Pseudonym</subfield>
    <subfield code="A">GND</subfield>
    <subfield code="B">GND-116830263</subfield>
    <subfield code="C">400</subfield>
  </datafield>
  <datafield tag="GPN" ind1="1" ind2=" ">
    <subfield code="a">Grabscheid, Markus</subfield>
    <subfield code="d">1892-1975</subfield>
    <subfield code="4">nawi</subfield>
    <subfield code="4">http://d-nb.info/standards/elementset/gnd#realIdentity</subfield>
    <subfield code="w">r</subfield>
    <subfield code="i">Wirklicher Name</subfield>
    <subfield code="e">Wirklicher Name</subfield>
    <subfield code="A">GND</subfield>
    <subfield code="B">GND-116830263</subfield>
    <subfield code="C">400</subfield>
  </datafield>
  <datafield tag="GPN" ind1="1" ind2=" ">
    <subfield code="a">Greid, Herman</subfield>
    <subfield code="d">1892-1975</subfield>
    <subfield code="A">GND</subfield>
    <subfield code="B">GND-116830263</subfield>
    <subfield code="C">400</subfield>
  </datafield>
  <datafield tag="GPN" ind1="1" ind2=" ">
    <subfield code="a">Greich, Hermann</subfield>
    <subfield code="d">1892-1975</subfield>
    <subfield code="9">v:falsche Namensform</subfield>
    <subfield code="A">GND</subfield>
    <subfield code="B">GND-116830263</subfield>
    <subfield code="C">400</subfield>
  </datafield>
  <datafield tag="GSI" ind1="7" ind2=" ">
    <subfield code="a">http://d-nb.info/gnd/116830263</subfield>
    <subfield code="2">uri</subfield>
    <subfield code="A">GND</subfield>
    <subfield code="B">GND-116830263</subfield>
    <subfield code="C">024</subfield>
  </datafield>
  <datafield tag="GSI" ind1="7" ind2=" ">
    <subfield code="a">1053234562</subfield>
    <subfield code="0">http://d-nb.info/gnd/1053234562</subfield>
    <subfield code="2">gnd</subfield>
    <subfield code="A">GND</subfield>
    <subfield code="B">GND-1053234562</subfield>
    <subfield code="C">024</subfield>
  </datafield>
  <datafield tag="GPN" ind1="1" ind2=" ">
    <subfield code="a">Gross, Oskar</subfield>
    <subfield code="A">GND</subfield>
    <subfield code="B">GND-116869224</subfield>
    <subfield code="C">400</subfield>
  </datafield>
  <datafield tag="GSI" ind1="7" ind2=" ">
    <subfield code="a">116869224</subfield>
    <subfield code="0">http://d-nb.info/gnd/116869224</subfield>
    <subfield code="2">gnd</subfield>
    <subfield code="A">GND</subfield>
    <subfield code="B">GND-116869224</subfield>
    <subfield code="C">024</subfield>
  </datafield>
  <datafield tag="GSI" ind1="7" ind2=" ">
    <subfield code="a">http://d-nb.info/gnd/117225665</subfield>
    <subfield code="2">uri</subfield>
    <subfield code="A">GND</subfield>
    <subfield code="B">GND-117225665</subfield>
    <subfield code="C">024</subfield>
  </datafield>
  <datafield tag="GSI" ind1="7" ind2=" ">
    <subfield code="a">http://d-nb.info/gnd/117363782</subfield>
    <subfield code="2">uri</subfield>
    <subfield code="A">GND</subfield>
    <subfield code="B">GND-117363782</subfield>
    <subfield code="C">024</subfield>
  </datafield>
</record>